<?xml version="1.0" encoding="UTF-8" ?>
<collection xmlns:xsi="http://www.w3.org/2001/XMLSchema-instance" xsi:schemaLocation="http://www.loc.gov/MARC21/slim http://www.loc.gov/standards/marcxml/schema/MARC21slim.xsd" xmlns="http://www.loc.gov/MARC21/slim">
   <record>
      <leader>     mam a22      a 4500</leader>
      <controlfield tag="001">1881271</controlfield>
      <controlfield tag="003">COO</controlfield>
      <controlfield tag="005">20140822230616.0</controlfield>
      <controlfield tag="008">850722s1973    ir cf         000 0 arar </controlfield>
      <datafield tag="010" ind1=" " ind2=" ">
         <subfield code="a">   85930414 /NE/r86 </subfield>
      </datafield>
      <datafield tag="035" ind1=" " ind2=" ">
         <subfield code="a">(NIC)notisAJU1112</subfield>
      </datafield>
      <datafield tag="035" ind1=" " ind2=" ">
         <subfield code="a">(OCoLC)12809380</subfield>
      </datafield>
      <datafield tag="035" ind1=" " ind2=" ">
         <subfield code="a">1881271</subfield>
      </datafield>
      <datafield tag="040" ind1=" " ind2=" ">
         <subfield code="d">CStRLIN</subfield>
      </datafield>
      <datafield tag="041" ind1="0" ind2=" ">
         <subfield code="a">araper</subfield>
      </datafield>
      <datafield tag="050" ind1="0" ind2=" ">
         <subfield code="a">B741</subfield>
         <subfield code="b">.A77 1973</subfield>
      </datafield>
      <datafield tag="100" ind1="1" ind2=" ">
         <subfield code="a">Āshtiyānī, Mahdī Mudarris,</subfield>
         <subfield code="d">1888-1952.</subfield>
      </datafield>
      <datafield tag="245" ind1="1" ind2="0">
         <subfield code="a">Taʻlīqah bar Sharḥ-i manẓūmah-ʼi ḥikmat-i Sabzavārī /</subfield>
         <subfield code="c">taʼlīf-i Mīrzā Mahdī Mudarris Āshtiyānī ; bi-ihtimām-i ʻAbd al-Javād Falāṭūrī va Mahdī Muḥaqqiq va Muqaddamah-ʼi Ingilīsī, Pirūfisūr Īzūtsū.</subfield>
      </datafield>
      <datafield tag="260" ind1=" " ind2=" ">
         <subfield code="a">Tihrān :</subfield>
         <subfield code="b">Dānishgāh-i Mikʹgīl, Mūntrāl-Kanādā, Muʻassasah-ʼi Muṭālaʻāt-i Islāmī, Shuʻbah-ʼi Tihrān, bā hamkārī-i Dānishgāh-i Tihrān,</subfield>
         <subfield code="c">1973.</subfield>
      </datafield>
      <datafield tag="300" ind1=" " ind2=" ">
         <subfield code="a">753, 11 p., [2] leaves of plates :</subfield>
         <subfield code="b">ports. ;</subfield>
         <subfield code="c">25 cm.</subfield>
      </datafield>
      <datafield tag="490" ind1="1" ind2=" ">
         <subfield code="a">Silsilah-ʼi dānish-i Īrānī ;</subfield>
         <subfield code="v">2</subfield>
      </datafield>
      <datafield tag="500" ind1=" " ind2=" ">
         <subfield code="a">In Arabic; introd. in English and Persian.</subfield>
      </datafield>
      <datafield tag="650" ind1=" " ind2="0">
         <subfield code="a">Islamic philosophy.</subfield>
      </datafield>
      <datafield tag="600" ind1="1" ind2="0">
         <subfield code="a">Sabzavārī, Hādī ibn Mahdī,</subfield>
         <subfield code="d">1797 or 1798-</subfield>
         <subfield code="t">Sharḥ al-manẓūmah fī al-ḥikmah.</subfield>
      </datafield>
      <datafield tag="700" ind1="1" ind2=" ">
         <subfield code="a">Falaturi, Abdoldjavad,</subfield>
         <subfield code="d">1926-</subfield>
      </datafield>
      <datafield tag="700" ind1="1" ind2=" ">
         <subfield code="a">Muḥaqqiq, Mahdī.</subfield>
      </datafield>
      <datafield tag="830" ind1=" " ind2="0">
         <subfield code="a">Silsilah-ʼi dānish-i Īrānī ;</subfield>
         <subfield code="v">2.</subfield>
      </datafield>
      <datafield tag="905" ind1=" " ind2=" ">
         <subfield code="a">19920414120000.0</subfield>
      </datafield>
      <datafield tag="903" ind1=" " ind2=" ">
         <subfield code="a">NYUACO</subfield>
         <subfield code="d">20141028</subfield>
         <subfield code="p">31924059117097</subfield>
      </datafield>
      <datafield tag="950" ind1=" " ind2=" ">
         <subfield code="a">B741</subfield>
         <subfield code="b">.A77x 1973</subfield>
         <subfield code="v"> </subfield>
      </datafield>
   </record>
</collection>
